<?xml version="1.0" encoding="UTF-8"?><record xmlns="http://www.loc.gov/MARC21/slim" xmlns:cinclude="http://apache.org/cocoon/include/1.0" xmlns:zs="http://www.loc.gov/zing/srw/">
  <leader>00630cz  a2200157n  4500</leader>
  <controlfield tag="001">no2009051083</controlfield>
  <controlfield tag="003">DLC</controlfield>
  <controlfield tag="005">20090419075202.0</controlfield>
  <controlfield tag="008">090402n| acannaabn          |a aaa     c</controlfield>
  <datafield tag="010" ind1=" " ind2=" ">
    <subfield code="a">no2009051083</subfield>
  </datafield>
  <datafield tag="035" ind1=" " ind2=" ">
    <subfield code="a">(OCoLC)oca08065264</subfield>
  </datafield>
  <datafield tag="040" ind1=" " ind2=" ">
    <subfield code="a">ICU</subfield>
    <subfield code="b">eng</subfield>
    <subfield code="c">ICU</subfield>
    <subfield code="d">IEN</subfield>
  </datafield>
  <datafield tag="100" ind1="1" ind2=" ">
    <subfield code="a">Rabinovich, I.</subfield>
    <subfield code="q">(Ilʹi︠a︡)</subfield>
  </datafield>
  <datafield tag="400" ind1="1" ind2=" ">
    <subfield code="a">Rabinovich, Ilʹi︠a︡ Aleksandrovich</subfield>
  </datafield>
  <datafield tag="670" ind1=" " ind2=" ">
    <subfield code="a">Molodezhʹ odnogo zavoda, 1948:</subfield>
    <subfield code="b">t.p. (I. Rabinovich) t.p. verso (engineer at the Moskovskiĭ zavod shlifovalʹnykh stankov)</subfield>
  </datafield>
  <datafield tag="670" ind1=" " ind2=" ">
    <subfield code="a">Russian National Library catalogue, Apr. 2, 2009:</subfield>
    <subfield code="b">(hdg.: Rabinovich, Ilʹi︠a︡ Aleksandrovich; usage: I. Rabinovich)</subfield>
  </datafield>
</record>